<record><leader>00000cas a2200000 a 4500</leader><controlfield tag="001">12893827</controlfield><controlfield tag="008">851211d19401999sdudn ne      0   a0eng  </controlfield><controlfield tag="009">466</controlfield><datafield ind1=" " ind2=" " tag="010"><subfield code="a">sn 85042842 </subfield></datafield><datafield ind1=" " ind2=" " tag="040"><subfield code="a">DLC</subfield><subfield code="b">eng</subfield><subfield code="c">DLC</subfield><subfield code="d">NSD</subfield><subfield code="d">SXN</subfield><subfield code="d">DLC</subfield><subfield code="d">OCLCQ</subfield><subfield code="d">DLC</subfield><subfield code="d">CUS</subfield><subfield code="d">OCLCQ</subfield><subfield code="d">OCLCO</subfield><subfield code="d">OCLCF</subfield></datafield><datafield ind1=" " ind2=" " tag="012"><subfield code="m">1</subfield></datafield><datafield ind1="1" ind2=" " tag="022"><subfield code="a">1074-7117</subfield><subfield code="l">1074-7117</subfield><subfield code="2">1</subfield></datafield><datafield ind1="1" ind2=" " tag="029"><subfield code="a">AU@</subfield><subfield code="b">000022912923</subfield></datafield><datafield ind1=" " ind2=" " tag="032"><subfield code="a">003240</subfield><subfield code="b">USPS</subfield></datafield><datafield ind1=" " ind2=" " tag="037"><subfield code="b">Aberdeen American News, POB 4430, Aberdeen, SD 57402-4430</subfield></datafield><datafield ind1=" " ind2=" " tag="042"><subfield code="a">pcc</subfield><subfield code="a">nsdp</subfield></datafield><datafield ind1=" " ind2=" " tag="043"><subfield code="a">n-us-sd</subfield></datafield><datafield ind1="0" ind2="0" tag="050"><subfield code="a">Newspaper</subfield></datafield><datafield ind1=" " ind2="0" tag="222"><subfield code="a">Aberdeen American-news</subfield></datafield><datafield ind1="0" ind2="0" tag="245"><subfield code="a">Aberdeen American-news.</subfield></datafield><datafield ind1=" " ind2=" " tag="260"><subfield code="a">Aberdeen, S.D. :</subfield><subfield code="b">Aberdeen News Co.,</subfield><subfield code="c">1940-1999.</subfield></datafield><datafield ind1=" " ind2=" " tag="300"><subfield code="a">61 v.</subfield></datafield><datafield ind1=" " ind2=" " tag="310"><subfield code="a">Daily (every morning except Monday and every evening except Sunday)</subfield></datafield><datafield ind1="0" ind2=" " tag="362"><subfield code="a">Vol. 54, no. 15 (June 18, 1940)-v. 114, no. 19 (June 30, 1999).</subfield></datafield><datafield ind1=" " ind2=" " tag="530"><subfield code="a">Available on microfilm from: State Archives, South Dakota State Historical Society; Library of Congress, Photoduplication Service; and, Dakota Microfilm Service.</subfield></datafield><datafield ind1=" " ind2=" " tag="580"><subfield code="a">Merger of: Aberdeen evening news, and; Aberdeen Morning American.</subfield></datafield><datafield ind1=" " ind2="0" tag="651"><subfield code="a">Aberdeen (S.D.)</subfield><subfield code="v">Newspapers.</subfield></datafield><datafield ind1=" " ind2="0" tag="651"><subfield code="a">Brown County (S.D.)</subfield><subfield code="v">Newspapers.</subfield></datafield><datafield ind1=" " ind2="7" tag="655"><subfield code="a">Newspapers.</subfield><subfield code="2">fast</subfield><subfield code="0">(OCoLC)fst01423814</subfield></datafield><datafield ind1=" " ind2="7" tag="651"><subfield code="a">South Dakota</subfield><subfield code="z">Aberdeen.</subfield><subfield code="2">fast</subfield><subfield code="0">(OCoLC)fst01217118</subfield></datafield><datafield ind1=" " ind2="7" tag="651"><subfield code="a">South Dakota</subfield><subfield code="z">Brown County.</subfield><subfield code="2">fast</subfield><subfield code="0">(OCoLC)fst01212831</subfield></datafield><datafield ind1=" " ind2=" " tag="752"><subfield code="a">United States</subfield><subfield code="b">South Dakota</subfield><subfield code="c">Brown</subfield><subfield code="d">Aberdeen.</subfield></datafield><datafield ind1="0" ind2="8" tag="776"><subfield code="i">Online version:</subfield><subfield code="t">Aberdeen American-news (Online)</subfield><subfield code="w">(OCoLC)52329761</subfield></datafield><datafield ind1="1" ind2="4" tag="780"><subfield code="t">Aberdeen morning American</subfield><subfield code="w">(DLC)sn 85042841</subfield><subfield code="w">(OCoLC)12893781</subfield></datafield><datafield ind1="1" ind2="4" tag="780"><subfield code="t">Aberdeen evening news</subfield><subfield code="w">(DLC)sn2001063598</subfield><subfield code="w">(OCoLC)47744304</subfield></datafield><datafield ind1="0" ind2="0" tag="785"><subfield code="t">American news</subfield><subfield code="w">(DLC)sn2001063603</subfield><subfield code="w">(OCoLC)47747119</subfield></datafield><datafield ind1="4" ind2="2" tag="856"><subfield code="u">http://www.aberdeennews.com</subfield></datafield></record>